%
% Resource Manager
% 

@misc{Nagios,
    Title = {Nagios},
    Howpublished = {Retrieved Feb 10, 2013
		from \url{http://www.nagios.org}},
}

@techreport{MOAB,
    Title = {{Moab} Workload Manager version 7.1.3},
    Type = {Administrator Guide},
    Institution = {Adapting Computing},
    Year = {2012},
}

@article{SlurmDesign,
    Title = {{SLURM}: Simple Linux Utility for Resource Management},
    Author = {Morris Jette and Mark Grondona},
    Journal = {ClusterWorld Conference and Expo},
    Year = {2005},
}

@inproceedings{DBLP:conf/jsspp/BalleP07,
  author    = {Susanne M. Balle and
               Daniel J. Palermo},
  title     = {Enhancing an Open Source Resource Manager with Multi-core/Multi-threaded
               Support},
  booktitle = {JSSPP},
  year      = {2007},
  pages     = {37-50},
}

@misc{SlurmMR,
    Title = {{MapReduce} Support in {SLURM}: releasing the elephant},
    Type = {Slides presented to Slurm User Group},
    Author = {Ralph H. Castain and Wangda Tan and Jimmy Cao and Michael Lv and Morris Jette and Danny Auble},
    Howpublished = {Retrieved from
	\url{http://schedmd.com/slurmdocs/slurm_ug_2012/MapRedSLURM.pdf}},
    Year = {2012},
}


@techreport{RMStudy,
    Author = {Yonghong Yan and Barbara Chapman},
    Title = {Comparative Study of Distributed Resource Management
		Systems -- {SGE}, {LSF}, {PBS Pro}, and {LoadLeveler}},
    Type = {Technical Report},
    Institution = {University of Houston},
    year = {2008},
}

@article{SchedDialog,
    Author = {Cynthia Bailey Lee and Allan Snavely},
    Title = {On the user-scheduler dialogue: Studies of user-provided runtime
		estimates and utility functions},
    Journal = {International Journal of High Performance Computing
		Applications},
    Year = {2006},
    Volume = {20},
    Pages = {495--506},
}

@article{ALPS,
    Title = {The Application Level Placement Scheduler},
    Author = {Michael Karo and Richard Lagerstrom and Marlys Kohnke
		and Carl Albing},
    Journal = {Cray User Group (CUG 2006)},
    Year = {2006},
}

@article{BGQRes,
    Title = {The {Blue Gene/Q} Resource Management Architecture},
    Author = {Tom Budnik and Brant Knudson and Mark Megerian and Sam Miller
		and Mike Mundy and Will Stockdell},
    Journal = {3rd IEEE Workshop on Many-Task Computing on Grids and
		Supercomputers (MTAGS10)},
    Month = {Nov},
    Year = {2010},
}

@article{Mesos,
    Title = {Mesos: A Platform for Fine-Grained Resource Sharing in the
		Data Center},
    Author = {Benjamin Hindman and Andy Konwinski and Matei Zaharia and
		Ali Ghodsi and Anthony D. Joseph and Randy Katz and
		Scott Shenker and Ion Stoica},
    Journal = {8th USENIX Symposium on Networked Systems Design and
		Implementation},
    Year = {2011},
}

@article{SlurmScale,
    Title = {Evaluating scalability and efficiency of the Resource
		and Job Management System on large {HPC} Clusters},
    Author = {Yiannis Georgiou and Matthieu Hautreux},
    Journal = {16th Workshop on Job Scheduling Strategies for Parallel Processing (JSSPP12)},
    Year = {2012},
}

@article{ManyTask,
    Title = {Many-Task Computing for Grids and Supercomputers},
    Author = {Ioan Raicu and Ian T. Foster and Yong Zhao},
    Journal = {Workshop on Many-Task Computing on Grids and Supercomputers
		(MTAGS)},
    Year = {2008},
}

@misc{Cobalt,
    Title = {Cobalt: Component-based Lightweight Toolkit},
    Howpublished = {Retrieved Nov 5, 2012
		from \url{http://trac.mcs.anl.gov/projects/cobalt}},
}

@misc{ClassAd,
    Title = {ClassAd Language Reference Manual},
    Howpublished = {Retrieved Dec 14, 2012
		from \url{http://research.cs.wisc.edu/htcondor/classad/refman/}},
}

@inproceedings{Oar,
    author = {Capit, N. and Da Costa, G. and Georgiou, Y. and Huard, G. and Martin, C. and Mounie, G. and Neyron, P. and Richard, O.},
    title = {A batch scheduler with high level components},
    booktitle = {Proceedings of the Fifth IEEE International Symposium on Cluster Computing and the Grid (CCGrid'05) - Volume 2 - Volume 02},
    series = {CCGRID '05},
    year = {2005},
    pages = {776--783},
    publisher = {IEEE Computer Society},
    address = {Washington, DC, USA},
} 

@article{LegionGrid,
    Author = {Anand Natrajan and Marty A. Humphrey and Andrew S. Grimshaw},
    Title = {Grid Resource Management in {Legion}},
    Year = {2004},
}

@INPROCEEDINGS{LegionRM,
    author = {Steve J. Chapin and Dimitrios Katramatos and John Karpovich and Andrew S. Grimshaw},
    title = {The {Legion} Resource Management System},
    booktitle = {Proceedings of the 5 th Workshop on Job Scheduling Strategies for Parallel Processing},
    year = {1999},
    pages = {162--178},
    publisher = {Springer Verlag}
}

@inproceedings{Keller98ccsresource,
    author = {Axel Keller and Alexander Reinefeld and Er Reinefeld},
    title = {{CCS} Resource Management in Networked {HPC} Systems},
    booktitle = {In Proc. of Heterogenous Computing Workshop HCWâ€™98 at IPPS},
    year = {1998},
    pages = {44--56},
    publisher = {IEEE Computer Society Press}
}

@INPROCEEDINGS{Keller01anatomyof,
    author = {Axel Keller and Alexander Reinefeld},
    title = {Anatomy of a Resource Management System for HPC Clusters},
    booktitle = {In Annual Review of Scalable Computing},
    year = {2001},
    pages = {1--31},
    publisher = {University Press}
}

@inproceedings{HWLoc:1,
	title = { hwloc: a {G}eneric {F}ramework for {M}anaging
            {H}ardware {A}ffinities in {HPC} {A}pplications},
	author = {{B}roquedis, {F}ran{\c{c}}ois and {C}let-{O}rtega,
            {J}{\'e}r{\^o}me and {M}oreaud, {S}t{\'e}phanie and
            {F}urmento, {N}athalie and {G}oglin, {B}rice and {M}ercier,
            {G}uillaume and {T}hibault, {S}amuel and {N}amyst, {R}aymond},
	language = {{A}nglais}, affiliation = {{L}aboratoire
            {B}ordelais de {R}echerche en {I}nformatique - {L}a{BRI} -
            {CNRS} : {UMR}5800 - {U}niversit{\'e} {S}ciences et
            {T}echnologies - {B}ordeaux {I} - {E}cole {N}ationale
            {S}up{\'e}rieure d'{E}lectronique, {I}nformatique et
            {R}adiocommunications de {B}ordeaux - {U}niversit{\'e}
            {V}ictor {S}egalen - {B}ordeaux {II} - {RUNTIME} - {INRIA}
            {B}ordeaux - {S}ud-{O}uest - {INRIA} - {CNRS} : {UMR}5800 -
            {U}niversit{\'e} {S}ciences et {T}echnologies - {B}ordeaux {I}
            - {E}cole {N}ationale {S}up{\'e}rieure d'{E}lectronique,
            {I}nformatique et {R}adiocommunications de {B}ordeaux },
	booktitle = {{PDP} 2010 - {T}he 18th {E}uromicro
            {I}nternational {C}onference on {P}arallel, {D}istributed and
            {N}etwork-{B}ased {C}omputing },
	address = {{P}isa {I}talie },
	editor = {{IEEE} },
	audience = {internationale },
	day = {17},
	month = {02},
	year = {2010},
	URL = {http://hal.inria.fr/inria-00429889/en/},
} 

@misc{DRMAA,
    Author = {Peter Troger and Roger Brobst and Daniel Gruber and others},
    Title = {Distributed Resource Management Application API Version 2},
    Howpublished = {\url{http://www.ogf.org/documents/GFD.198.pdf}},
    Year = {2012},
}

@misc{ wiki:folksonomy,
 author = {Wikipedia},
 title = {Folksonomy --- Wikipedia{,} The Free Encyclopedia},
 year = {2013},
 howpublished = {\url{http://en.wikipedia.org/w/index.php?title=Folksonomy&oldid=539451265}},
 note = {[Online; accessed 26-February-2013]}
}

%
%  Resource Description Language
%

@misc{GlobusRSL,
 title = {The {Globus} Resource Specification Language {RSL} v1.1},
 howpublished = {\url{http://toolkit.globus.org/toolkit/docs/5.2/5.2.5/gram5/developer/#gram5-rsl}},
 note = {Accessed: 02-25-2013}
}

@article{Koning:2011:UOR:1998662.1998819,
 author = {Koning, Ralph and Grosso, Paola and de Laat, Cees},
 title = {Using ontologies for resource description in the CineGrid Exchange},
 journal = {Future Gener. Comput. Syst.},
 issue_date = {July, 2011},
 volume = {27},
 number = {7},
 month = jul,
 year = {2011},
 issn = {0167-739X},
 pages = {960--965},
 numpages = {6},
 url = {http://dx.doi.org/10.1016/j.future.2010.11.027},
 doi = {10.1016/j.future.2010.11.027},
 acmid = {1998819},
 publisher = {Elsevier Science Publishers B. V.},
 address = {Amsterdam, The Netherlands, The Netherlands},
 keywords = {CineGrid Exchange, Network topology description, Semantic Web, Services description},
}

@inproceedings{vanderHam:2006:SHN:1188455.1188643,
 author = {van der Ham, Jeroen and Grosso, Paola and Dijkstra, Freek and de Laat, Cees TAM},
 title = {Semantics for hybrid networks using the network description language},
 booktitle = {Proceedings of the 2006 ACM/IEEE conference on Supercomputing},
 series = {SC '06},
 year = {2006},
 isbn = {0-7695-2700-0},
 location = {Tampa, Florida},
 articleno = {182},
 url = {http://doi.acm.org/10.1145/1188455.1188643},
 doi = {10.1145/1188455.1188643},
 acmid = {1188643},
 publisher = {ACM},
 address = {New York, NY, USA},
} 

@article{vanderHam:2006:URD:1160256.1160260,
 author = {van der Ham, Jeroen J. and Dijkstra, Freek and Travostino, Franco and Andree, Hubertus M. A. and de Laat, Cees T. A. M.},
 title = {Using {RDF} to describe networks},
 journal = {Future Gener. Comput. Syst.},
 issue_date = {October 2006},
 volume = {22},
 number = {8},
 month = oct,
 year = {2006},
 issn = {0167-739X},
 pages = {862--867},
 numpages = {6},
 url = {http://dx.doi.org/10.1016/j.future.2006.03.022},
 doi = {10.1016/j.future.2006.03.022},
 acmid = {1160260},
 publisher = {Elsevier Science Publishers B. V.},
 address = {Amsterdam, The Netherlands, The Netherlands},
 keywords = {hybrid networks, network descriptions, resource description framework, semantic web},
}

@article{VanDerHam:2008:DTI:2285568.2285672,
 author = {Van Der Ham, Jeroen and Dijkstra, Freek and Grosso, Paola and Van Der Pol, Ronald and Toonk, Andree and De Laat, Cees},
 title = {A distributed topology information system for optical networks based on the semantic web},
 journal = {Opt. Switch. Netw.},
 issue_date = {June, 2008},
 volume = {5},
 number = {2-3},
 month = jun,
 year = {2008},
 issn = {1573-4277},
 pages = {85--93},
 numpages = {9},
 url = {http://dx.doi.org/10.1016/j.osn.2008.01.006},
 doi = {10.1016/j.osn.2008.01.006},
 acmid = {2285672},
 publisher = {Elsevier Science Publishers B. V.},
 address = {Amsterdam, The Netherlands, The Netherlands},
 keywords = {Hybrid networks, Inter-domain pathfinding, Network descriptions, Resource description framework, Semantic web},
}

@inproceedings{Goncalves:2011:CIL:2114498.2116235,
 author = {Goncalves, Glauco and Endo, Patricia and Santos, Marcelo and Sadok, Djamel and Kelner, Judith and Melander, Bob and Mangs, Jan-Erik},
 title = {CloudML: An Integrated Language for Resource, Service and Request Description for D-Clouds},
 booktitle = {Proceedings of the 2011 IEEE Third International Conference on Cloud Computing Technology and Science},
 series = {CLOUDCOM '11},
 year = {2011},
 isbn = {978-0-7695-4622-3},
 pages = {399--406},
 numpages = {8},
 url = {http://dx.doi.org/10.1109/CloudCom.2011.60},
 doi = {10.1109/CloudCom.2011.60},
 acmid = {2116235},
 publisher = {IEEE Computer Society},
 address = {Washington, DC, USA},
 keywords = {Distributed Cloud, resource description, modeling language},
}

@inproceedings{Kline:2011:ADS:2021672.2021735,
 author = {Kline, Donald and Quan, John},
 title = {Attribute description service for large-scale networks},
 booktitle = {Proceedings of the 2nd international conference on Human centered design},
 series = {HCD'11},
 year = {2011},
 isbn = {978-3-642-21752-4},
 location = {Orlando, FL, USA},
 pages = {519--528},
 numpages = {10},
 url = {http://dl.acm.org/citation.cfm?id=2021672.2021735},
 acmid = {2021735},
 publisher = {Springer-Verlag},
 address = {Berlin, Heidelberg},
 keywords = {GENI, attribute, classification, component, control framework, data dictionary, database, design, human factors, languages, large-scale network, resource, standardization},
}

@article{RDL:Santos:2012,
author={Santos, A. C. S. and Pedrosa , L. and Kuipers, B.W.M. and Rocha, R. M. },
journal={Intrnl. Journal of Distributed Sensor Networks},
title={Resource Description Language: A Unified Description Language for Network Embedded Resources},
year={2012},
month={July},
volume={2012},
number={860864},
pages={---},
ISSN={1550-1329},
}

@article{Koslovski_Primet_2009,
 title={{VXDL}: Virtual Resources and Interconnection Networks Description Language},
 volume={2},
 url={http://www.springerlink.com/index/n131016226414516.pdf},
 journal={Networks for Grid Applications},
 publisher={Springer},
 author={Koslovski, Guilherme Piegas and Primet, Pascale Vicat-blanc},
 year={2009},
 pages={1--17}
}

@inproceedings{Houidi:2009,
 author={Houidi, I. and Louati, W. and Zeghlache, D. and Baucke, S.},
 booktitle={Communications Workshops, 2009. ICC Workshops 2009. IEEE International Conference on},
 title={Virtual Resource Description and Clustering for Virtual Network Discovery},
 year={2009},
 month={june},
 volume={},
 number={},
 pages={1--6},
 keywords={Aggregates;Clustering algorithms;Electronic mail;IP networks;IPTV;Industrial relations;Resource management;Resource virtualization;Telecommunication network management;Virtual private networks;pattern clustering;pattern matching;conceptual clustering technique;hierarchical classification;resource matching;shared physical resources;virtual network discovery clustering;virtual resource description;},
 doi={10.1109/ICCW.2009.5207979},
 ISSN={},}

@inproceedings{Castano:2004,
 author={Castano, S. and Ferrara, A. and Montanelli, S. and Racca, G.},
 booktitle={Information Technology: Coding and Computing, 2004. Proceedings. ITCC 2004. International Conference on},
 title={Matching techniques for resource discovery in distributed systems using heterogeneous ontology descriptions},
 year={2004},
 month={april},
 volume={1},
 number={},
 pages={ 360 - 366 Vol.1},
 keywords={Computer networks;Information technology;Intelligent networks;Ontologies;Peer to peer computing;Relational databases;Resource description framework;Semantic Web;Web services;XML; data mining; distributed processing; meta data; pattern matching; distributed environments; distributed systems; dynamic resource discovery; grid networks; heterogeneous ontology descriptions; metadata; ontological resource description comparison; peer-to-peer networks; resource request; semantic approach; semantic matching; semantically rich description;},
 doi={10.1109/ITCC.2004.1286480},
 ISSN={},
}

@article{Ierusalimschy:1996:LEE:229593.229595,
 author = {Ierusalimschy, Roberto and de Figueiredo, Luiz Henrique and Filho, Waldemar Celes},
 title = {Lua\?an extensible extension language},
 journal = {Softw. Pract. Exper.},
 issue_date = {June 1996},
 volume = {26},
 number = {6},
 month = jun,
 year = {1996},
 issn = {0038-0644},
 pages = {635--652},
 numpages = {18},
 url = {http://dx.doi.org/10.1002/(SICI)1097-024X(199606)26:6<635::AID-SPE26>3.0.CO;2-P},
 doi = {10.1002/(SICI)1097-024X(199606)26:6<635::AID-SPE26>3.0.CO;2-P},
 acmid = {229595},
 publisher = {John Wiley \& Sons, Inc.},
 address = {New York, NY, USA},
 keywords = {end-user programming, extension languages, programming languages},
} 

@incollection{Ierusalimschy:2010:multiparadigmlua,
  address = {Berlin / Heidelberg},
  affiliation = {PUC-Rio Rio de Janeiro Brazil},
  author = {Ierusalimschy, Roberto},
  booktitle = {Functional and Constraint Logic Programming},
  description = {SpringerLink - Abstract},
  doi = {10.1007/978-3-642-11999-6_1},
  editor = {Escobar, Santiago},
  interhash = {22137011b29a0685d2a77f2be5e02ddc},
  intrahash = {7f534bce83a7c04edac22b87e387607c},
  keywords = {Language Lua},
  pages = {1-12},
  publisher = {Springer},
  series = {Lecture Notes in Computer Science},
  timestamp = {2010-12-13T20:15:41.000+0100},
  title = {Programming with Multiple Paradigms in Lua},
  url = {http://dx.doi.org/10.1007/978-3-642-11999-6_1},
  volume = 5979,
  year = 2010
}

@inproceedings{Pernas:2005,
 author={Pernas, A.M. and Dantas, M.A.R.},
 booktitle={Cluster Computing and the Grid, 2005. CCGrid 2005. IEEE International Symposium on},
 title={Ontology based service for grid resources description},
 year={2005},
 month={may},
 volume={1},
 number={},
 pages={ 154 - 159 Vol. 1},
 keywords={Availability;Computer networks;Grid computing;Large-scale systems;Ontologies;Permission;Proposals;Service oriented architecture;Statistics;Vocabulary; grid computing; ontologies (artificial intelligence); distributed applications; domain vocabulary; grid computing; grid configuration; grid resource description; grid services; ontology based service; resource semantics; resource syntax; virtual organization;},
 doi={10.1109/CCGRID.2005.1558548},
 ISSN={},
}

@misc{LuaSandbox,
    Title = {Lua Sand Boxes},
    Howpublished = {Retrieved Feb 22, 2013
		from \url{http://lua-users.org/wiki/SandBoxes}},
}

@inproceedings{Liu:2004:RedLine,
 author = {Liu, Chuang and Foster, Ian},
 title = {A Constraint Language Approach to Matchmaking},
 booktitle = {Proceedings of the 14th International Workshop on Research Issues on Data Engineering: Web Services for E-Commerce and E-Government Applications (RIDE'04)},
 series = {RIDE '04},
 year = {2004},
 isbn = {0-7695-2095-2},
 pages = {7--14},
 numpages = {8},
 url = {http://dl.acm.org/citation.cfm?id=987683.987913},
 acmid = {987913},
 publisher = {IEEE Computer Society},
 address = {Washington, DC, USA},
}

@inproceedings{Kee:2005:vgDL,
 author = {Kee, Yang-Suk and Logothetis, D. and Huang, R. and Casanova, H. and Chien, A. A.},
 title = {Efficient Resource Description and High Quality Selection for Virtual Grids},
 booktitle = {Proceedings of the Fifth IEEE International Symposium on Cluster Computing and the Grid - Volume 01},
 series = {CCGRID '05},
 year = {2005},
 isbn = {0-7803-9074-1},
 pages = {598--606},
 numpages = {9},
 url = {http://dl.acm.org/citation.cfm?id=1169222.1169520},
 acmid = {1169520},
 publisher = {IEEE Computer Society},
 address = {Washington, DC, USA},
} 

@inproceedings{DBLP:conf/gridnets/KoslovskiPC08,
  author    = {Guilherme Piegas Koslovski and
               Pascale Vicat-Blanc Primet and
               Andrea Schwertner Char{\~a}o},
  title     = {VXDL: Virtual Resources and Interconnection Networks Description
               Language},
  booktitle = {GridNets},
  year      = {2008},
  pages     = {138-154},
  ee        = {http://dx.doi.org/10.1007/978-3-642-02080-3_15},
  crossref  = {DBLP:conf/gridnets/2008},
}

@proceedings{DBLP:conf/gridnets/2008,
  editor    = {Pascale Vicat-Blanc Primet and
               Tomohiro Kudoh and
               Joe Mambretti},
  title     = {Networks for Grid Applications, Second International Conference,
               GridNets 2008, Beijing, China, October 8-10, 2008, Revised
               Selected Papers},
  booktitle = {GridNets},
  publisher = {Springer},
  series    = {Lecture Notes of the Institute for Computer Sciences, Social
               Informatics and Telecommunications Engineering},
  volume    = {2},
  year      = {2009},
  isbn      = {978-3-642-02079-7},
  ee        = {http://dx.doi.org/10.1007/978-3-642-02080-3},
  bibsource = {DBLP, http://dblp.uni-trier.de}
}



%
% Workload Runtime
%

@article{PowerOpt,
    Title = {Optimizing Job Performance Under a Given Power Constraint
		in {HPC} Centers},
    Author = {Maja Etinski and Julita Corbalan and Jesus Labarta and
		Mateo Valero},
    Journal = {2010 International Green Computing Conference},
    Year = {2010},
} 

@article{STAT,
    Author    = {Dorian C. Arnold and Dong H. Ahn and Bronis R. de Supinski and
		 Gregory L. Lee and Barton P. Miller and Martin Schulz},
    Title     = {Stack Trace Analysis for Large Scale Debugging},
    Journal   = {21st International Parallel and Distributed Processing
		Symposium (IPDPS 2007)},
    Year      = {2007},
}

@article{GroupFile,
    Title = {Group File Operations for Scalable Tools and Middleware},
    Author = {Michael J. Brim and Barton P. Miller},
    Journal = {Internation Conference on High Performance Computing},
    Year = {2009},
}

@article{FINAL,
    Title = {{FINAL}: Flexible and Scalable Composition of File System
		Name Spaces},
    Author = {Michael J. Brim and Barton P. Miller and Vic Zandy},
    Journal = {Proceedings of the 1st International Workshop on Runtime
		and Operating Systems for Supercomputers},
    Year = {2011},
}

@misc{AUKS,
    Title = {Kerberos \& SLURM using Auks - Tutorial},
    Type = {Tutorial Slides presented to Slurm User Group},
    Author = {Matthieu Hautreux},
    Howpublished = {Retrieved from
	\url{http://schedmd.com/slurmdocs/slurm_ug_2012/auks-tutorial.pdf}},
    Year = {2012},
}

@inproceedings{launchmon,
  author    = {Dong H. Ahn and
               Dorian C. Arnold and
               Bronis R. de Supinski and
               Gregory L. Lee and
               Barton P. Miller and
               Martin Schulz},
  title     = {Overcoming Scalability Challenges for Tool Daemon Launching},
  booktitle = {ICPP},
  year      = {2008},
  pages     = {578-585},
  ee        = {http://dx.doi.org/10.1109/ICPP.2008.63},
  crossref  = {DBLP:conf/icpp/2008},
  bibsource = {DBLP, http://dblp.uni-trier.de}
}

@proceedings{DBLP:conf/icpp/2008,
  title     = {2008 International Conference on Parallel Processing, ICPP
               2008, September 8-12, 2008, Portland, Oregon, USA},
  booktitle = {ICPP},
  publisher = {IEEE Computer Society},
  year      = {2008},
  bibsource = {DBLP, http://dblp.uni-trier.de}
}

@inproceedings{libi,
  author    = {Joshua D. Goehner and
               Dorian C. Arnold and
               Dong H. Ahn and
               Gregory L. Lee and
               Bronis R. de Supinski and
               Matthew P. LeGendre and
               Martin Schulz and
               Barton P. Miller},
  title     = {A Framework for Bootstrapping Extreme Scale Software Systems},
  booktitle = {First International Workshop on High-performance Infrastructure for Scalable Tools (WHIST)},
  year      = {2011},
  address   = {Tucson, AZ}
} 

@INPROCEEDINGS{Jette02slurm,
    author = {Morris A. Jette and Andy B. Yoo and Mark Grondona},
    title = {SLURM: Simple Linux Utility for Resource Management},
    booktitle = {In Lecture Notes in Computer Science: Proceedings of Job Scheduling Strategies for Parallel Processing (JSSPP) 2003},
    year = {2002},
    pages = {44--60},
    publisher = {Springer-Verlag}
}

@inproceedings{PMI2,
  author    = {Pavan Balaji and
               Darius Buntinas and
               David Goodell and
               William Gropp and
               Jayesh Krishna and
               Ewing L. Lusk and
               Rajeev Thakur},
  title     = {PMI: A Scalable Parallel Process-Management Interface for
               Extreme-Scale Systems},
  booktitle = {EuroMPI},
  year      = {2010},
  pages     = {31-41},
  ee        = {http://dx.doi.org/10.1007/978-3-642-15646-5_4},
  crossref  = {DBLP:conf/pvm/2010},
  bibsource = {DBLP, http://dblp.uni-trier.de}
}

@proceedings{DBLP:conf/pvm/2010,
  editor    = {Rainer Keller and
               Edgar Gabriel and
               Michael M. Resch and
               Jack Dongarra},
  title     = {Recent Advances in the Message Passing Interface - 17th
               European MPI Users' Group Meeting, EuroMPI 2010, Stuttgart,
               Germany, September 12-15, 2010. Proceedings},
  booktitle = {EuroMPI},
  publisher = {Springer},
  series    = {Lecture Notes in Computer Science},
  volume    = {6305},
  year      = {2010},
  isbn      = {978-3-642-15645-8},
  ee        = {http://dx.doi.org/10.1007/978-3-642-15646-5},
  bibsource = {DBLP, http://dblp.uni-trier.de}
}

@INPROCEEDINGS{Castain05theopen,
    author = {R. H. Castain and T. S. Woodall and D. J. Daniel and J. M. Squyres and B. Barrett and G. E. Fagg},
    title = {The open run-time environment (openrte): A transparent multi-cluster environment for high-performance computing},
    booktitle = {In Proceedings 12th European PVM/MPI User?s Group Meeting on Recent Advances in Parallel Virtual Machine and Message Passing Interface, Sorrento(Naples)},
    year = {2005},
    publisher = {Springer-Verlag}
}

@inproceedings{RountreeRAPL,
  author    = {Barry Rountree and
               Dong H. Ahn and
               Bronis R. de Supinski and
               David K. Lowenthal and
               Martin Schulz},
  title     = {Beyond {DVFS}: A First Look at Performance under a Hardware-Enforced
               Power Bound},
  booktitle = {IPDPS Workshops},
  year      = {2012},
  pages     = {947-953},
  ee        = {http://doi.ieeecomputersociety.org/10.1109/IPDPSW.2012.116},
  crossref  = {DBLP:conf/ipps/2012w},
  bibsource = {DBLP, http://dblp.uni-trier.de}
}

@proceedings{DBLP:conf/ipps/2012w,
  title     = {26th IEEE International Parallel and Distributed Processing
               Symposium Workshops {\&} PhD Forum, IPDPS 2012, Shanghai,
               China, May 21-25, 2012},
  booktitle = {IPDPS Workshops},
  publisher = {IEEE Computer Society},
  year      = {2012},
  isbn      = {978-1-4673-0974-5},
  ee        = {http://ieeexplore.ieee.org/xpl/mostRecentIssue.jsp?punumber=6269389},
  bibsource = {DBLP, http://dblp.uni-trier.de}
}

@techreport{MPIRInterface,
  Title = {The {MPIR} Process Acquisition Interface Version 1.0},
  Author = {John DelSignore and Dong Ahn and Ralph Castain and Jeff Squyres},
  Type = {Interface Specification},
  Institution = {MPI Forum Working Group on Tools},
  Year = {2010},
}

@article{ContainerVirt,
  Title = {Performance Evaluation of Container-based Virtualization for High Performance Computing Environments},
  Author = {Miguel G. Xavier and Marcelo V. Neves and Fabio D. Rossi and Tiago C. Ferreto and Timoteo Lange and Cesar A. F. De Rose},
  Journal = {21st Euromicro International Conference on Parallel, Distributed, and Network-Based Processing (PDP)},
  Year = {2013},
}

@inproceedings{VirtHPC,
 author = {Regola, Nathan and Ducom, Jean-Christophe},
 title = {Recommendations for Virtualization Technologies in High Performance Computing},
 booktitle = {Proceedings of the 2010 IEEE Second International Conference on Cloud Computing Technology and Science},
 series = {CLOUDCOM '10},
 year = {2010},
 isbn = {978-0-7695-4302-4},
 pages = {409--416},
 numpages = {8},
 url = {http://dx.doi.org/10.1109/CloudCom.2010.71},
 doi = {10.1109/CloudCom.2010.71},
 acmid = {1931816},
 publisher = {IEEE Computer Society},
 address = {Washington, DC, USA},
} 

%
% Provenance and Monitoring
%

@article{CIFTS,
    Title = {{CIFTS}: A Coordinated Infrastructure for Fault-Tolerant Systems},
    Author = {R. Gupta and P. Beckman and B. H. Park and E. Lusk and P.
		Hargrove and A. Geist and D. K. Panda and A. Lumsdaine and
		J. Dongarra},
    Journal = {Proceedings of the International Conference on Parallel
		Processing (ICPP)},
    Year = {2009},
}

@techreport{FTBAPI,
    Title = {Coordinated Infrastructure for Fault Tolerant Systems,
		Fault Tolerance Backplane ({FTB}) {API} Version 0.5,
		Document Revision 0.3},
    Type = {Interface Specificiation},
    Institution = {The CIFTS Group},
    Month = {Aug},
    Year = {2010},
}


@techreport{LogLDRD,
    Title = {Leveraging Log Analytics to Understand Application {I/O}},
    Author = {Todd Gamblin and Kathryn Mohror},
    Type = {Proposal for Laboratory Directed Research and Development},
    Institution = {Lawrence Livermore National Laboratory},
    Number      = {LLNL-PROP-559051},
    Year        = {2012},
}

@article{CondorProv,
    Title = {Transparently Gathering Provenance with Provenance Aware Condor},
    Author = {Christine F. Reilly and Jeffrey F. Naughton},
    Journal = {USENIX First Workshop on Theory and Practice of Provenance
		(TaPP)},
    Year = {2009},
}

@techreport{ProvSurvey,
    Title = {A Survey of Data Provenance Techniques},
    Author = {Yogesh L. Simmhan and Beth Plale and Dennis Gannon},
    Type = {Technical Report},
    Institution = {Computer Science Department, Indiana University},
    Number = {IUB-CS-TR618},
    Year = {2005},
}

@article{BlueGeneFail,
    Title = {{BlueGene/L} Failure Analysis and Prediction Models},
    Author = {Yinglung Liang and Yanyong Zhang and Anand Sivasubramaniam
		and Morris Jette and Ramendra Sahoo},
    Journal = {Proceedings of the 2006 International Conference on
		Dependable Systems and Networks (DSN'06)},
    Year = {2006},
}

@mastersthesis{Chukwa,
    Author = {Ariel Rabkin and Randy H. Katz},
    Title = {Chukwa: A system for reliable large-scale log collection},
    School = {EECS Department, University of California, Berkeley},
    Year = {2010},
    Month = {Mar},
    URL = {http://www.eecs.berkeley.edu/Pubs/TechRpts/2010/EECS-2010-25.html},
    Number = {UCB/EECS-2010-25},
}

@article{LogFramework,
    Title = {Real-Time System Log Monitoring/Analytics Framework},
    Author = {Raghul Gunasekaran and Sarp Oral and David Dillow and Byung Park
		and Galen Shipman and Al Geist},
    Journal = {Cray User Group (CUG 2011)},
    Year = {2011},
}

@misc{skummee,
    Title = {skummee monitoring system},
    Author = {Jeff Cunningham},
    Howpublished = {Retrieved Nov. 9, 2012
		from \url{http://sourceforge.net/projects/skummee/}},
}

@BOOK{StallingsSNMP,
  TITLE = {SNMP, SNMPv2, SNMPv3, and RMON 1 and 2},
  AUTHOR = {William Stallings},
  YEAR = {1999},
  EDITION = {Third}
}

@misc{cerebro,
    Title = {cerebro monitoring system},
    Author = {Al Chu},
    Howpublished = {Retrieved Nov. 9, 2012
		from \url{http://github.com/chaos/cerebro}},
}

@misc{diod,
    Title = {diod distributed I/O daemon},
    Author = {Jim Garlick},
    Howpublished = {Retrieved Nov. 9, 2012
		from \url{http://code.google.com/p/diod/}},
}

@misc{SPANK,
    Title = {{SPANK: SLURM} Plug-in Architecture for Node and job (K)control},
    Author = {Mark Grondona},
    Howpublished = {Retrieved Nov. 9, 2012
		from \url{http://code.google.com/p/slurm-spank-plugins/wiki/SPANKInfo/}},
}

@misc{9nbd,
    Title = {{9NBD: 9P} Network Block Device},
    Author = {Jim Garlick},
    Howpublished = {Retrieved Dec. 10, 2012
		from \url{http://code.google.com/p/diod/wiki/9NBD}},
}

@misc{nfsroot,
    Title = {{NFSROOT} Linux Cluster NFS Root Support},
    Author = {Jim Garlick},
    Howpublished = {Retrieved Dec. 11, 2012
		from \url{http://code.google.com/p/nfsroot}},
}


@misc{pynamic,
    Title = {The Python Dynamic Benchmark},
    Author = {Greg Lee},
    Howpublished = {Retrieved Dec. 10, 2012
		from \url{https://computation.llnl.gov/casc/Pynamic/pynamic.htm}},
}

@misc{BlkDevPathSearch,
    Title = {Optimizing Path Search},
    Author = {Jim Garlick},
    Howpublished = {Retrieved Dec. 11, 2012
		from \url{https://lc.llnl.gov/confluence/display/systest/Optimizing+Path+Search}},
}

@book{CouchDB,
 author = {Anderson, J. Chris and Lehnardt, Jan and Slater, Noah},
 title = {{CouchDB}: The Definitive Guide Time to Relax},
 year = {2010},
 isbn = {0596155891, 9780596155896},
 edition = {1st},
 publisher = {O'Reilly Media, Inc.},
}

@book{MongoDB,
 author = {Plugge, Eelco and Hawkins, Tim and Membrey, Peter},
 title = {The Definitive Guide to {MongoDB}: The {NoSQL} Database for Cloud and Desktop Computing},
 year = {2010},
 isbn = {1430230517, 9781430230519},
 edition = {1st},
 publisher = {Apress},
 address = {Berkely, CA, USA},
} 

%
% Framework
%

@article{MrNet,
    Title = {{MRNet}: A Software-Based Multicast/Reduction Network for Scalable Tools},
    Author = {Philip C. Roth and Dorian C. Arnold and Barton P. Miller},
    Journal = {Proceedings of the ACM/IEEE SC2003 Conference (SC'03)},
    Year = {2003},
}

@techreport{MRNetAPI,
    Title = {{MRNet} {API} Programmer's Guide, Release 4.0.0},
    Type = {Interface Specification},
    Institution = {Paradyn Tools Project, Computer Sciences Department, University of Wisconsin, Madison},
    Month = {April},
    Year = {2012},
}

@techreport{MrNetFail,
    Title = {A Scalable Failure Recovery Model for Tree-based Overlay Networks},
    Author = {Dorian C. Arnold and Barton P. Miller},
    Type = {Technical Report},
    Institution = {Computer Sciences Department, University of Wisconsin},
    Number = {TR1626},
    Year = {2008},
}

@article{SCTP,
    Title = {{SCTP}: What is it, and how to use it?},
    Author = {Randall Stewart and Michael Tuxen and Peter Lei},
    Journal = {BSDCan 2008: The Technical BSD Conference},
    Year = {2008},
}

@article{SCTPvMPI,
    Title = {{SCTP} versus {TCP} for {MPI}},
    Author = {Humaira Kamal and Brad Penoff and Alan Wagner},
    Journal = {Proceedings of the ACM/IEEE SC2005 Conference (SC'05)},
    Year = {2005},
}

@article{SCTPstd,
    Title = {Stream Control Transmission Protocol: Past, Current, and Future
		Standardization Activities},
    Author = {Thomas Dreibholz and Erwin P. Rathgeb and Irene Rungeler and
		Robin Seggelmann and Michael Tuxen and Randall R. Stewart},
    Journal = {IEEE Communications Magazine},
    Year = {2011},
}

@article{CCI,
    Title = {The Common Communication Interface ({CCI})},
    Author = {Scott Atchley and David Dillow and Galen Shipman and
		Patrick Geoffray and Jeffrey M. Squyres and George Bosilca and
		Ronald Minnich},
    Journal = {IEEE 19th Annual Symposium on High Performance Interconnects
		(HOTI)},
    Year = {2011},
}

@techreport{Portals,
    Author = {Rolf Riesen and Ron Brightwell and Kevin Pedretti and Arthur B. Maccabe and Trammell Hudson},
    Title = {The Portals 3.3 Message Passing Interface},
    Type = {Technical Report},
    Institution = {Sandia National Laboratories},
    year = {2006},
}

@misc{Dbus,
    Title = {{D-Bus}},
    Author = {Freedesktop.org},
    Howpublished = {Retrieved Feb. 26, 2013
		from \url{http://www.freedesktop.org/wiki/Software/dbus}},
}

@misc{Systemd,
    Title = {Systemd},
    Author = {Freedesktop.org},
    Howpublished = {Retrieved Feb. 26, 2013
		from \url{http://www.freedesktop.org/wiki/Software/systemd}},
}


@misc{ZMQGuide,
    Title = {{\zMQ} - The Guide, Updated for version 3.2},
    Author = {Pieter Hintjens},
    Howpublished = {Retrieved Nov. 5, 2012
		from \url{http://zguide.zeromq.org/page:all}},
}

@misc{ZMQRef,
    Title = {{0MQ} 3.2.1 {API} Reference},
    Author = {iMatix Corporation},
    Howpublished = {Retrieved Nov. 5, 2012
		from \url{http://api.zeromq.org/3-2:_start}},
}

@misc{zrfc24,
    Title = {24/{ZMTP} {PLAIN} Security Mechanism},
    Author = {iMatix Corporation and contributors},
    Howpublished = {Retrieved Apr. 7, 2014
		from \url{http://rfc.zeromq.org/spec:24}},
}

@misc{zrfc25,
    Title = {25/{ZMTP} {CURVE} Security Mechanism},
    Author = {iMatix Corporation and contributors},
    Howpublished = {Retrieved Apr. 7, 2014
		from \url{http://rfc.zeromq.org/spec:25}},
}

@misc{zrfc26,
    Title = {26/{CurveZMQ} Authentication and Encryption Protocol},
    Author = {iMatix Corporation and contributors},
    Howpublished = {Retrieved Apr. 7, 2014
		from \url{http://rfc.zeromq.org/spec:26}},
}

@misc{zrfc27,
    Title = {27/{ZAP} {ZeroMQ} Authentication Protocol},
    Author = {iMatix Corporation and contributors},
    Howpublished = {Retrieved Apr. 7, 2014
		from \url{http://rfc.zeromq.org/spec:27}},
}

@misc{zrfc37,
    Title = {37/{ZeroMQ} Message Transport Protocol},
    Author = {iMatix Corporation and contributors},
    Howpublished = {Retrieved Apr. 7, 2014
		from \url{http://rfc.zeromq.org/spec:37}},
}

@misc{CurveCP,
    Title = {{CurveCP}: Usable security for the Internet},
    Author = {Daniel J. Bernstein},
    Howpublished = {Retrieved Apr. 7, 2014
		from \url{http://curvecp.org}},
}

@inproceedings{Bernstein:2006:CND:2170476.2170495,
 author = {Bernstein, Daniel J.},
 title = {Curve25519: New Diffie-hellman Speed Records},
 booktitle = {Proceedings of the 9th International Conference on Theory and Practice of Public-Key Cryptography},
 series = {PKC'06},
 year = {2006},
 isbn = {3-540-33851-9, 978-3-540-33851-2},
 location = {New York, NY},
 pages = {207--228},
 numpages = {22},
 url = {http://dx.doi.org/10.1007/11745853_14},
 doi = {10.1007/11745853_14},
 acmid = {2170495},
 publisher = {Springer-Verlag},
 address = {Berlin, Heidelberg},
 keywords = {Diffie-Hellman, constant time, elliptic curves, high conjectured security, high speed, new curve, new software, point multiplication, short keys},
} 

@misc{Protobuf,
    Title = {Protocol Buffers},
    Author = {{Google, Inc.}},
    Howpublished = {Retrieved Nov. 16, 2012
		from \url{http://api.developers.google.com/protocol-buffers}},
} 

@book{LuaBook,
    Author = {Ierusalimschy, Roberto},
    Title = {Programming in Lua, Second Edition},
    Year = {2006},
    Publisher = {Lua.Org},
}

@misc{Redis,
    Title = {redis key-value store web site},
    Author = {Salvatore Sanfilippo},
    Howpublished = {Retrieved Nov. 9, 2012
		from \url{http://redis.io/}},
}

@misc{munge,
    Title = {{MUNGE} Uid 'N' Gid Emporium},
    Author = {Chris Dunlap},
    Howpublished = {Retrieved Nov. 9, 2012
		from \url{http://code.google.com/p/munge/}},
}

@misc{ACE,
    Title = {{ACE}: Appro Cluster Engine},
    Author = {{Appro, Inc.}},
    Howpublished = {Meeting with LLNL Sept. 25, 2012},
}

%
% IO
%

@inproceedings{SCR,
  author    = {Adam Moody and
               Greg Bronevetsky and
               Kathryn Mohror and
               Bronis R. de Supinski},
  title     = {Design, Modeling, and Evaluation of a Scalable Multi-level
               Checkpointing System},
  booktitle = {SC},
  year      = {2010},
  pages     = {1-11},
}

